<record><leader>00000cas a2200000 a 4500</leader><controlfield tag="001">53896326</controlfield><controlfield tag="008">031212d193819uutnuuu ne      0    0eng c</controlfield><datafield ind1=" " ind2=" " tag="010"><subfield code="a">sn2003062306</subfield></datafield><datafield ind1=" " ind2=" " tag="040"><subfield code="a">TGN</subfield><subfield code="b">eng</subfield><subfield code="c">TGN</subfield><subfield code="d">OCLCQ</subfield><subfield code="d">OCLCO</subfield></datafield><datafield ind1="1" ind2=" " tag="029"><subfield code="a">AU@</subfield><subfield code="b">000025175028</subfield></datafield><datafield ind1=" " ind2=" " tag="042"><subfield code="a">pcc</subfield></datafield><datafield ind1=" " ind2=" " tag="043"><subfield code="a">n-us-tn</subfield></datafield><datafield ind1="0" ind2=" " tag="130"><subfield code="a">Tri-City progress (Trezevant, Tenn.)</subfield></datafield><datafield ind1="1" ind2="0" tag="245"><subfield code="a">Tri-City progress.</subfield></datafield><datafield ind1="3" ind2=" " tag="246"><subfield code="a">Tricity progress</subfield></datafield><datafield ind1=" " ind2=" " tag="260"><subfield code="a">McKenzie, Tenn. :</subfield><subfield code="b">Banner Pub. Co.</subfield></datafield><datafield ind1=" " ind2=" " tag="300"><subfield code="a">v.</subfield></datafield><datafield ind1="1" ind2=" " tag="362"><subfield code="a">Began in 1938?</subfield></datafield><datafield ind1=" " ind2=" " tag="500"><subfield code="a">"The only newspaper interested in Atwood, McLemoresville, and Trezevant, and surrounding rural communities."</subfield></datafield><datafield ind1=" " ind2=" " tag="588"><subfield code="a">Description based on: 1st year, no. 29 (May 12, 1939).</subfield></datafield><datafield ind1=" " ind2="0" tag="651"><subfield code="a">Atwood (Tenn.)</subfield><subfield code="v">Newspapers.</subfield></datafield><datafield ind1=" " ind2="0" tag="651"><subfield code="a">McLemoresville (Tenn.)</subfield><subfield code="v">Newspapers.</subfield></datafield><datafield ind1=" " ind2="0" tag="651"><subfield code="a">Trezevant (Tenn.)</subfield><subfield code="v">Newspapers.</subfield></datafield><datafield ind1=" " ind2="0" tag="651"><subfield code="a">Carroll County (Tenn.)</subfield><subfield code="v">Newspapers.</subfield></datafield><datafield ind1=" " ind2=" " tag="752"><subfield code="a">United States</subfield><subfield code="b">Tennessee</subfield><subfield code="c">Carroll</subfield><subfield code="d">McKenzie.</subfield></datafield></record>